@String{OOPSLA = {Proceedings of Conference on Object-Oriented Programming, Systems, Languages, and Applications (OOPSLA)}}
@String{OOPSLACOMPANION = {Companion to Conference on Object-Oriented Programming, Systems, Languages, and Applications (OOPSLA)}}
@String{POPL = {Proceedings of Symposium on Principles of Programming Languages (POPL)}}
@String{GPCE = {Proceedings of Conference on Generative Programming and Component Engineering (GPCE)}}
@String{SLE = {Proceedings of Conference on Software Language Engineering (SLE)}}
@String{PEPM = {Proceedings of Workshop on Partial Evaluation and Program Manipulation (PEPM)}}
@String{PLDI = {Proceedings of Conference on Programming Language Design and Implementation (PLDI)}}
@String{ECOOP = {Proceedings of European Conference on Object-Oriented Programming (ECOOP)}}
@String{ICALP = {Proceedings of International Colloquium on Automata, Languages and Programming (ICALP)}}
@String{RTA = {Proceedings of Conference on Rewriting Techniques and Applications (RTA)}}
@String{ICSR = {Proceedings of International Conference on Software Reuse (ICSR)}}
@String{CC = {Proceedings of Conference on Compiler Construction (CC)}}
@String{SAIG = {Proceedings of Workshop on Semantics, Applications, and Implementation of Program Generation (SAIG)}}
@String{ICFP = {Proceedings of International Conference on Functional Programming (ICFP)}}
@String{LFP = {Proceedings of Conference on LISP and Functional Programming (LFP)}}
@String{ILC = {Proceedings of International Lisp Conference (ILC)}}
@String{RSE = {Proceedings of Workshop on Reflection and Software Engineering}}
@String{ECMDAFA = {Proceedings of European Conference on Model Driven Architecture -- Foundations and Applications (ECMDA-FA)}}
@String{MODELS = {Proceedings of Conference on Model Driven Engineering Languages and Systems (MoDELS)}}
@String{ETX = {Proceedings of Workshop on Eclipse Technology eXchange (ETX)}}
@String{ICSE = {Proceedings of International Conference on Software Engineering (ICSE)}}
@String{TOPLAS = {Transactions on Programming Languages and Systems (TOPLAS)}}
@String{SCAM = {Proceedings of Conference on Source Code Analysis and Manipulation (SCAM)}}
@String{TOSEM = {Transactions on Software Engineering Methodology (TOSEM)}}
@String{TOOLS = {Proceedings of Conference on Technology of Object-oriented Languages and Systems (TOOLS)}}
@String{FOOL = {Proceedings of Workshop on Foundations of Object-Oriented Languages (FOOL)}}
@String{WCRE = {Proceedings of Working Conference on Reverse Engineering (WCRE)}}
@String{HOPL = {Proceedings of Conference on History of Programming Languages (HOPL)}}
@String{LDTA = {Proceedings of Workshop on Language Descriptions, Tools and Applications (LDTA)}}
@String{GTTSE = {Proceedings of Summer School on Generative and Transformational Techniques in Software Engineering (GTTSE)}}
@String{GTTSEPRE = {Pre-proceedings of Summer School on Generative and Transformational Techniques in Software Engineering (GTTSE)}}
@String{FOSE = {Proceedings of Workshop on Future of Software Engineering (FOSE)}}
@String{GCSE = {Proceedings of Conference on Generative and Component-Based Software Engineering (GCSE)}}
@String{CACM = {Communication of the ACM}}
@String{TSE = {Transactions on Software Engineering (TSE)}}
@String{IFM = {Proceedings of Conference on Integrated Formal Methods (IFM)}}
@String{JFP = {Functional Programming}}
@String{ICGT = {Proceedings of International Conference on Graph Transformation (ICGT)}}
@String{HaskellWorkshop = {Proceedings of Haskell Workshop}}
@String{HaskellSymposium = {Proceedings of Haskell Symposium}}
@String{DSM = {Proceedings of Workshop on Domain-Specific Modeling (DSM)}}
@String{ICSM = {Proceedings of International Conference on Software Maintenance (ICSM)}}
@String{ISEL = {Proceedings of International Symposium on Extensible Languages}}
@String{AOSD = {Proceedings of Conference on Aspect-Oriented Software Development (AOSD)}}
@String{ISSTA = {Proceedings of International Symposium on Software Testing and Analysis (ISSTA)}}
@String{FPCA = {Proceedings of Conference on Functional Programming Languages and Computer Architecture (FPCA)}}
@String{JCSS = {Computer and System Sciences}}

@article{Parnas72,
 author = {Parnas, D. L.},
 title = {On the criteria to be used in decomposing systems into modules},
 journal = CACM,
 volume = {15},
 number = {12},
 year = {1972},
 pages = {1053--1058},
 publisher = {ACM},
 }



@inproceedings{BravenboerV04,
 author = {Bravenboer, Martin and Visser, Eelco},
 title = {Concrete syntax for objects: Domain-specific language embedding and assimilation without restrictions},
 booktitle = OOPSLA,
 year = {2004},
 pages = {365--383},
 publisher = {ACM}
 }


@inproceedings{Cardelli97,
 author = {Cardelli, Luca},
 title = {Program fragments, linking, and modularization},
 booktitle = POPL,
 year = {1997},
 pages = {266--277},
 publisher = {ACM}
 }


@TechReport{Cardelli94,
  author =       {Cardelli, Luca and Matthes, Florian and Abadi, Mart\'{i}n},
  title =        {Extensible Syntax with Lexical Scoping},
  institution =  {DEC SRC},
  year =         {1994},
  number =       {121},
}

@article{LuckhamJ95,
 author = {Luckham, David C. and Vera, James},
 title = {An Event-Based Architecture Definition Language},
 journal = TSE,
 volume = {21},
 number = {9},
 year = {1995},
 pages = {717--734},
 publisher = {IEEE},
} 




@inproceedings{Porkolab2010,
 author = {Porkol\'{a}b, Zolt\'{a}n and Sinkovics, \'{A}bel},
 title = {Domain-specific Language Integration with Compile-time Parser Generator Library},
 booktitle = GPCE,
 year = 2010,
 publisher = {ACM},
}


@inproceedings{BravenboerV08,
  author    = {Martin Bravenboer and
               Eelco Visser},
  title     = {Parse Table Composition},
  booktitle = SLE,
  year      = {2008},
  pages     = {74--94},
  publisher = {Springer}
}

@inproceedings{BrabrandS02,
  author    = {Claus Brabrand and
               Michael I. Schwartzbach},
  title     = {Growing languages with metamorphic syntax macros},
  booktitle = PEPM,
  year      = {2002},
  pages     = {31--40},
  publisher = {ACM},
}


@TechReport{Maddox89,
  author =       {William Maddox},
  title =        {Semantically-Sensitive Macroprocessing},
  institution =  {University of California, Berkeley},
  year =         {1989},
  number =    {UCB/CSD 89/545},
}

@inproceedings{WeiseC93,
  author    = {Daniel Weise and
               Roger F. Crew},
  title     = {Programmable Syntax Macros},
  booktitle = PLDI,
  year      = {1993},
  pages     = {156--165},
  publisher = {ACM},
}

@Book{Shalit96,
  author =    {Andrew Shalit},
  title =        {The {Dylan} Reference Manual},
  publisher =    {Addison-Wesley-Longman},
  year =         {1996},
}


@TechReport{scala-overview-tech-report,
  author =       {Martin Odersky and 
                  Philippe Altherr and
                  Vincent Cremet and 
                  Burak Emir and
                  Sebastian Maneth and
                  St\'{e}phane Micheloud and
                  Nikolay Mihaylov and
                  Michel Schinz and
                  Erik Stenman and 
                  Matthias Zenger},
  title =        {An Overview of the {Scala} Programming Language},
  institution =  {EPFL},
  year =         2004,
  number =       {IC/2004/64}
}


@misc{scalaspec,
  author =       {Martin Odersky},
  title =        {The {Scala} language specification, Version 2.9},
  howpublished = {Available at \url{http://www.scala-lang.org/docu/files/ScalaReference.pdf}.},
  year = {2010},
}

@inproceedings{NystromCM03,
  author    = {Nathaniel Nystrom and
               Michael R. Clarkson and
               Andrew C. Myers},
  title     = {{Polyglot}: An Extensible Compiler Framework for {Java}},
  booktitle = CC,
  year      = {2003},
  pages     = {138--152},
  publisher = {Springer},
  series = {LNCS},
  volume = {2622},
}

@inproceedings{EkmanH07,
  author    = {Torbj{\"o}rn Ekman and
               G{\"o}rel Hedin},
  title     = {The {JastAdd} extensible {Java} compiler},
  booktitle = OOPSLA,
  year      = {2007},
  pages     = {1--18},
  publisher = {ACM},
}

@inproceedings{Steele94,
  author    = {Steele, Jr., Guy L.},
  title     = {Building Interpreters by Composing Monads},
  booktitle = POPL,
  year      = {1994},
  pages     = {472--492},
  publisher = {ACM},
}


@inproceedings{LiangHJ95,
  author    = {Sheng Liang and
               Paul Hudak and
               Mark P. Jones},
  title     = {Monad Transformers and Modular Interpreters},
  booktitle = POPL,
  year      = {1995},
  pages     = {333--343},
  publisher = {ACM},
}


@misc{closure-extensions,
  author    = {Neal Gafter and 
               Peter von der Ah\'e},
  title     = {Closures for {Java}},
  howpublished = {Available at \url{http://javac.info/closures-v06a.html}},
  year = {2009},
}

@inproceedings{KatsV10,
  author    = {Lennart C. L. Kats and
               Eelco Visser},
  title     = {The {Spoofax} language workbench: Rules for declarative specification
               of languages and {IDEs}},
  booktitle = OOPSLA,
  year      = {2010},
  pages     = {444--463},
  publisher = {ACM},
}

@article{HeeringHKR89,
  author    = {Jan Heering and
               P. R. H. Hendriks and
               Paul Klint and
               J. Rekers},
  title     = {The syntax definition formalism {SDF} -- reference manual},
  journal   = {SIGPLAN Notices},
  volume    = {24},
  number    = {11},
  year      = {1989},
  pages     = {43--75},
  publisher = {ACM},
}

@phdthesis{Visser97thesis,
  title = {Syntax Definition for Language Prototyping},
  author = {Eelco Visser},
  year = {1997},
  school = {University of Amsterdam},
}

@inproceedings{Visser01,
  author    = {Eelco Visser},
  title     = {Stratego: A Language for Program Transformation Based on
               Rewriting Strategies},
  booktitle = RTA,
  year      = {2001},
  pages     = {357--362},
  publisher = {Springer},
  series    = {LNCS},
  volume = {2051},
}


@inproceedings{Hudak98,
  author    = {Paul Hudak},
  title     = {Modular domain specific languages and tools},
  booktitle = ICSR,
  year      = {1998},
  pages     = {134--142},
  publisher = {IEEE},
}


@inproceedings{RenggliGN10,
  author    = {Lukas Renggli and
               Tudor G\^{\i}rba and
               Oscar Nierstrasz},
  title     = {Embedding Languages without Breaking Tools},
  booktitle = ECOOP,
  year      = 2010,
  pages     = {380--404},
  publisher = {Springer},
  series    = {LNCS},
  volume = {6183},
}

@inproceedings{Visser02,
  author    = {Eelco Visser},
  title     = {Meta-programming with Concrete Object Syntax},
  booktitle = GPCE,
  year      = {2002},
  pages     = {299--315},
  publisher = {Springer},
  series    = {LNCS},
  volume = {2487},
}


@article{VanDeursenKT93,
 author = {Arie van Deursen and
           Paul Klint and
           Frank Tip},
 title = {Origin tracking},
 journal = {Symbolic Computation},
 volume = {15},
 issue = {5/6},
 year = {1993},
 pages = {523--545},
} 

@inproceedings{BachrachP01,
  author    = {Jonathan Bachrach and
               Keith Playford},
  title     = {The {Java} Syntactic Extender ({JSE})},
  booktitle = OOPSLA,
  year      = {2001},
  pages     = {31--42},
  publisher = {ACM},
}

@InProceedings{ErdwegO10,
        author =       {Sebastian Erdweg and Klaus Ostermann},
        title =        {Featherweight {TeX} and Parser Correctness},
        booktitle =    SLE,
        year =         {2010},
        series =       {LNCS},
        volume =       {6563},
        publisher =    {Springer},
        pages = {397--416},
      }

@inproceedings{VanWykKBS07,
  author    = {Eric {Van Wyk} and
               Lijesh Krishnan and
               Derek Bodin and
               August Schwerdfeger},
  title     = {Attribute Grammar-Based Language Extensions for {Java}},
  booktitle = ECOOP,
  year      = {2007},
  pages     = {575--599},
  publisher = {Springer},
  series    = {LNCS},
  volume = {4609},
 }

@article{Tratt08,
  author    = {Laurence Tratt},
  title     = {Domain Specific Language Implementation via Compile-Time
               Meta-Programming},
  Journal   = TOPLAS,
  volume    = {30},
  number    = {6},
  publisher = {ACM},
  year      = {2008},
  pages     = {1--40},
}

@article{Krishnamurthi06,
  author    = {Shriram Krishnamurthi},
  title     = {Educational Pearl: Automata via Macros},
  journal   = JFP,
  volume    = {16},
  number    = {3},
  year      = {2006},
  pages     = {253--267},
  publisher = {Cambridge University Press},
}

@article{VanWykBGK10,
  author    = {Eric {Van Wyk} and
               Derek Bodin and
               Jimin Gao and
               Lijesh Krishnan},
  title     = {Silver: An extensible attribute grammar system},
  journal   = {Science of Computer Programming},
  volume    = {75},
  number    = {1-2},
  year      = {2010},
  pages     = {39--54},
}


@inproceedings{Sheard01,
  author    = {Tim Sheard},
  title     = {Accomplishments and Research Challenges in Meta-programming},
  booktitle = SAIG,
  year      = {2001},
  pages     = {2--44},
  publisher = {Springer},
}


@article{Mernik05,
 author = {Mernik, Marjan and Heering, Jan and Sloane, Anthony M.},
 title = {When and how to develop domain-specific languages},
 journal = {ACM Computing Surveys},
 volume = {37},
 issue = {4},
 year = {2005},
 pages = {316--344},
 numpages = {29},
 publisher = {ACM},
} 


@article{Leavenworth66,
 author = {Leavenworth, B. M.},
 title = {Syntax macros and extended translation},
 journal = {Communications of the ACM},
 volume = {9},
 issue = {11},
 year = {1966},
 pages = {790--793},
 publisher = {ACM},
} 

@inproceedings{BatoryLS98,
 author = {Batory, D. and Lofaso, B. and Smaragdakis, Y.},
 title = {{JTS}: Tools for Implementing Domain-Specific Languages},
 booktitle = ICSR,
 year = {1998},
 pages = {143--153},
 publisher = {IEEE},
} 


@inproceedings{SchwerdfegerW09,
  author    = {August Schwerdfeger and
               Eric {Van Wyk}},
  title     = {Verifiable composition of deterministic grammars},
  booktitle = PLDI,
  year      = {2009},
  pages     = {199--210},
  publisher = {ACM},
}

@misc{Fowler05,
  author    = {Martin Fowler},
  title     = {Language Workbenches: The Killer-App for Domain Specific Languages?},
  year      = {2005},
  howpublished = {Available at \url{http://martinfowler.com/articles/languageWorkbench.html}},
}



@INPROCEEDINGS{HoferO10,
  AUTHOR = {Christian Hofer and Klaus Ostermann},
  TITLE = {Modular Domain-Specific Language Components in {Scala}},
  BOOKTITLE = GPCE,
  YEAR = 2010,
  PUBLISHER = {ACM},
  pages = {83--92},
}

@INPROCEEDINGS{HoferORM08,
  TITLE = {Polymorphic Embedding of {DSLs}},
  AUTHOR = {Christian Hofer and Klaus Ostermann and Tillmann Rendel and Adriaan Moors},
  BOOKTITLE = GPCE,
  YEAR = {2008},
  PUBLISHER = {ACM},
  pages = {137--148},
}

@inproceedings{Oliveira09,
 author = {Oliveira, Bruno C.},
 title = {Modular Visitor Components},
 booktitle = ECOOP,
 year = {2009},
 pages = {269--293},
 publisher = {Springer},
 series = {LNCS},
 volume = {5653},
} 

@Misc{HTML4,
  author =    {{W3C HTML Working Group}},
  title =     {{HTML} 4.01 Specification},
  howpublished = {Available at \url{http://www.w3.org/TR/html4/}},
  year =      {1999},
}

@Misc{XHTML,
  author =    {{W3C HTML Working Group}},
  title =     {{XHTML} 1.0 The Extensible HyperText Markup Language (Second Edition)},
  howpublished = {Available at \url{http://www.w3.org/TR/xhtml1}},
  year =      {2002},
}

@Misc{XML,
  author =    {{W3C XML Working Group}},
  title =     {Extensible Markup Language ({XML}) 1.0 (Fifth Edition)},
  howpublished = {Available at \url{http://www.w3.org/TR/xml}},
  year =      {2008},
}

@Misc{XMLSchema,
  author =    {{W3C XML Schema Working Group}},
  title =     {{XML Schema} Part 0: Primer Second Edition},
  howpublished = {Available at \url{http://www.w3.org/TR/xmlschema-0}},
  year =      {2004},
}

@Misc{XPath,
  author = {{XSL Working Group} and {XML Linking Working Group}},
  title = {{XML Path} Language ({XPath}) 1.0},
  howpublished = {Available at \url{http://www.w3.org/TR/xpath/}},
  year = {1999},
}

@Book{MoellerS06,
  author =    {Anders M\o{}ller and Michael I. Schwartzbach},
  title =        {An Introduction to XML and Web Technologies},
  publisher =    {Addison-Wesley},
  year =         {2006},
}

@inproceedings{RenggliDN09,
  title = {Language Boxes: Bending the Host Language with Modular Language Changes},
  author = {Lukas Renggli and Marcus Denker and Oscar Nierstrasz},
  year = {2009},
  booktitle = SLE,
  publisher = {Springer},
  series = {LNCS},
  volume = {5969},
  pages = {274--293},
}


@article{CalderKMR03,
 author = {Muffy Calder and Mario Kolberg and Evan H. Magill and Stephan Reiff-Marganiec},
 title = {Feature Interaction: A Critical Review and Considered Forecast},
 journal = {Computer Networks},
 volume = {41},
 number = {1},
 year = {2003},
 pages = {115--141},
 publisher = {Elsevier},
 }

@InProceedings{Bracha04,
  author =       {Gilad Bracha},
  title =        {Pluggable Type Systems},
  booktitle = {OOPSLA Workshop on Revival of Dynamic  Languages},
  year =      2004,
  note = {Available at \url{http://bracha.org/pluggableTypesPosition.pdf}, accessed at Mar.~26 2013},
}

@article{BravenboerDV10,
  author    = {Martin Bravenboer and
               Eelco Dolstra and
               Eelco Visser},
  title     = {Preventing injection attacks with syntax embeddings},
  journal   = {Science of Computer Programming},
  volume    = {75},
  number    = {7},
  year      = {2010},
  pages     = {473--495},
}

@incollection {AxelssonHL08,
   author = {Axelsson, Roland and Heljanko, Keijo and Lange, Martin},
   title = {Analyzing Context-Free Grammars Using an Incremental {SAT} Solver},
   booktitle = ICALP,
   series = {LNCS},
   publisher = {Springer},
   pages = {410--422},
   year = {2008},
   volume = {5125},
}

@incollection {Schmitz07,
   author = {Schmitz, Sylvain},
   title = {Conservative Ambiguity Detection in Context-Free Grammars},
   booktitle = ICALP,
   series = {LNCS},
   publisher = {Springer},
   pages = {692--703},
   year = {2007},
   volume = {4596},
}

@article{MensTR05,
  author = {Tom Mens and Gabriele Taentzer and Olga Runge},
  title = {Detecting Structural Refactoring Conflicts Using Critical Pair Analysis},
  journal = {Electronic Notes in Theoretical Computer Science},
  volume = {127},
  number = {3},
  pages = {113--128},
  year = {2005},
}


@inproceedings{AotoYT09,
  author    = {Takahito Aoto and
               Junichi Yoshida and
               Yoshihito Toyama},
  title     = {Proving Confluence of Term Rewriting Systems Automatically},
  booktitle = RTA,
  year      = {2009},
  pages     = {93--102},
  publisher = {Springer},
  series    = {LNCS},
  volume    = {5595},
}

@inproceedings{ClingerR91,
 author = {Clinger, William and Rees, Jonathan},
 title = {Macros that work},
 booktitle = POPL,
 year = {1991},
 pages = {155--162},
 publisher = {ACM},
} 

@inproceedings{Flatt02,
 author = {Flatt, Matthew},
 title = {Composable and compilable macros: You want it when?},
 booktitle = ICFP,
 year = {2002},
 pages = {72--83},
 publisher = {ACM},
} 

@inproceedings{KohlbeckerFFD86,
 author = {Kohlbecker, Eugene and Friedman, Daniel P. and Felleisen, Matthias and Duba, Bruce},
 title = {Hygienic macro expansion},
 booktitle = LFP,
 year = {1986},
 pages = {151--161},
 publisher = {ACM},
} 



@inproceedings{Kiselyov02,
 author = {Kiselyov, Oleg},
 title = {Macros That Compose: Systematic Macro Programming},
 booktitle = GPCE,
 year = {2002},
 pages = {202--217},
 publisher = {Springer},
 volume = {2487},
 series = {LNCS},
} 


@inproceedings{TobinHochstadtSCFF11,
  title = {Languages as Libraries},
  author = {Sam Tobin-Hochstadt and Vincent St-Amour and Ryan Culpepper and Matthew Flatt and Matthias Felleisen},
  booktitle = PLDI,
  year = {2011},
  publisher = {ACM},
  pages     = {132--141},
}


@inproceedings{RepenningI07,
 author = {Repenning, Alexander and Ioannidou, Andri},
 title = {{X}-expressions in {XMLisp}: {S}-expressions and extensible markup language unite},
 booktitle = ILC,
 year = {2007},
 pages = {1--11},
 publisher = {ACM},
} 


@ARTICLE{Kastens92,
    author = {U. Kastens and W. M. Waite},
    title = {Modularity and Reusability in Attribute Grammars},
    journal = {Acta Informatica},
    year = {1992},
    volume = {31},
    pages = {601--627}
}

@inproceedings{NystromQM06,
 author = {Nystrom, Nathaniel and Qi, Xin and Myers, Andrew C.},
 title = {J\&: Nested intersection for scalable software composition},
 booktitle = OOPSLA,
 year = {2006},
 pages = {21--36},
 publisher = {ACM},
}

@incollection {TatsuboriCKI00,
   author = {Tatsubori, Michiaki and Chiba, Shigeru and Killijian, Marc-Olivier and Itano, Kozo},
   title = {{OpenJava}: A Class-Based Macro System for {Java}},
   booktitle = RSE,
   series = {LNCS},
   publisher = {Springer},
   pages = {117--133},
   volume = {1826},
   year = {2000}
}

@mastersthesis{Seaton07,
  Author = {Chris Seaton},
  School = {University of Bristol},
  Title = {A Programming Language Where the Syntax and Semantics Are Mutable at Runtime},
  Year = {2007}}


@misc{Dmitriev04,
  author =       {Sergey Dmitriev},
  title =        {Language oriented programming: The next programming paradigm},
  howpublished = {Available at \url{http://www.jetbrains.com/mps/docs/Language_Oriented_Programming.pdf}},
  year = {2004},
}


@Inproceedings{Simonyi95,
author = {Charles Simonyi},
title  = {The Death of Computer Languages, the Birth of Intentional Programming},
year = 1995,
booktitle = {NATO Science Committee Conference}
}

@ARTICLE{Ward95,
    author = {M. P. Ward},
    title = {Language-Oriented Programming},
    journal = {Software -- Concepts and Tools},
    year = {1995},
    volume = {15},
    pages = {147--161}
}

@article{Steele99,
  author    = {Steele,Jr., Guy L.},
  title     = {Growing a Language},
  journal   = {Higher-Order and Symbolic Computation},
  volume    = {12},
  number    = {3},
  year      = {1999},
  pages     = {221--236},
}

@inproceedings{ErdwegRKO11,
  author =    {Sebastian Erdweg and Tillmann Rendel and
               Christian K{\"a}stner and Klaus Ostermann},
  title =     {{SugarJ}: Library-based Syntactic Language Extensibility},
  booktitle = OOPSLA,
  publisher = {ACM},
  year =      {2011},
  pages = {391--406},
}


@inproceedings{CharlesFSDV09,
  author    = {Philippe Charles and
               Robert M. Fuhrer and
               Stanley M. Sutton Jr. and
               Evelyn Duesterwald and
               Jurgen J. Vinju},
  title     = {Accelerating the creation of customized, language-specific
               {IDEs} in {Eclipse}},
  booktitle = OOPSLA,
  year      = {2009},
  pages     = {191--206},
  publisher = {ACM}
}

@misc{www:eclipse,
  key={EclipseFoundation},
  author = {{The Eclipse Foundation}},
  title = {Eclipse},
  howpublished = {\url{http://www.eclipse.org/}},
  year = {2012},
}


@InProceedings{KatsJNV09,
  author = {Lennart C. L. Kats and Maartje de Jonge and
            Emma Nilsson-Nyman and Eelco Visser},
  title = {Providing Rapid Feedback in Generated Modular Language Environments:
           Adding Error Recovery to Scannerless Generalized-{LR} Parsing},
  booktitle = OOPSLA,
  year = {2009},
  publisher = {ACM},
  pages = {445--464},
}

@InProceedings{EfftingeV06,
  title={{oAW xText}: A framework for textual {DSLs}},
  author={Efftinge, S. and V{\"o}lter, M.},
  booktitle={Workshop on Modeling Symposium at Eclipse Summit},
  year={2006}
}

@misc{www:xtext,
  key={Xtext},
  title = {Xtext 2.3 Documentation},
  howpublished = {\url{http://www.eclipse.org/Xtext/documentation/2.3.0/Documentation.pdf}},
  year = {2012},
}

@inproceedings{HeidenreichJKSW09,
  title = {Derivation and Refinement of Textual Syntax for Models},
  author = {Florian Heidenreich and Jendrik Johannes and Sven Karol and Mirko Seifert and Christian Wende},
  year = {2009},
  pages = {114--129},
  booktitle = ECMDAFA,
  publisher = {Springer},
  volume = {5562},
  series = {LNCS}
}

@InProceedings{JongeNKV09,
  author =    {Maartje de Jonge and Emma Nilsson-Nyman
               and Lennart C. L. Kats and Eelco Visser},
  title =     {Natural and Flexible Error Recovery for Generated Parsers},
  booktitle = SLE,
  pages =     {204--223},
  year =      {2009},
  volume =    {5969},
  series =    {LNCS},
  publisher = {Springer},
}

@TechReport{Visser97,
  author =	 {Visser, Eelco},
  title =	 {Scannerless Generalized-{LR} Parsing},
  year =	 {1997},
  number =	 {P9707},
  institution =	 {Programming Research Group, University of Amsterdam},
}

@misc{Fowler05:www:postintellij,
  author = {M. Fowler},
  title = {{PostIntelliJ}},
  howpublished = {Available at \url{http://martinfowler.com/bliki/PostIntelliJ.html}},
  year = 2005
}


@misc{VoelterS10,
  title = {Language Modularization and Composition with Projectional Language Workbenches illustrated with {MPS}},
  author = {Markus V{\"o}lter and  Konstantin Solomatov},
  year = {2010},
  howpublished = {\url{http://voelter.de/data/pub/VoelterSolomatov_SLE2010_LanguageModularizationAndCompositionLWBs.pdf}},
}

@inproceedings{Voelter10,
  author    = {Markus V{\"o}lter},
  title     = {Embedded Software Development with Projectional Language
               Workbenches},
  booktitle = MODELS,
  year      = {2010},
  pages     = {32--46},
  publisher = {Springer},
  series    = {LNCS},
  volume    = {6395},
}

@article{Klint93,
  title = {A Meta-Environment for Generating Programming Environments},
  author = {Paul Klint},
  year = {1993},
  journal = TOSEM,
  volume = {2},
  number = {2},
  pages = {176--201},
}

@inproceedings{KrahnRV08,
  title = {{MontiCore}: Modular Development of Textual Domain Specific Languages},
  author = {Holger Krahn and Bernhard Rumpe and Steven V{\"o}lkel},
  year = {2008},
  pages = {297--315},
  booktitle = TOOLS,
  publisher = {Springer},
}

@article{KrahnRV10,
  author    = {Holger Krahn and Bernhard Rumpe and Steven V{\"o}lkel},
  title     = {{MontiCore}: A Framework for Compositional Development of
               Domain Specific Languages},
  journal   = {Software Tools for Technology Transfer},
  volume    = {12},
  number    = {5},
  year      = {2010},
  pages     = {353--372},
}

@inproceedings{JouaultBK06,
 author = {Jouault, Fr\'{e}d\'{e}ric and B\'{e}zivin, Jean and Kurtev, Ivan},
 title = {{TCS: A DSL} for the specification of textual concrete syntaxes in model engineering},
 booktitle = GPCE,
 year = {2006},
 pages = {249--254},
 publisher = {ACM},
 }

@article{BlumeA99,
 author = {Matthias Blume and Appel, Andrew W.},
 title = {Hierarchical Modularity},
 journal = TOPLAS,
 volume = {21},
 issue = {4},
 year = {1999},
 pages = {813--847},
 publisher = {ACM},
} 

@article{FindlerCFFKSF02,
  title = {{DrScheme}: A programming environment for Scheme},
  author = {Robert Bruce Findler and John Clements and Cormac Flanagan and Matthew Flatt and Shriram Krishnamurthi and Paul Steckler and Matthias Felleisen},
  year = {2002},
  journal = JFP,
  volume = {12},
  number = {2},
  pages = {159--182},
}

@Inproceedings{McDirmidO06,
	author = {Sean McDirmid and Martin Odersky },
	title  ={The {Scala} Plugin for {Eclipse}},
	year = {2006},
	booktitle = ETX,
	note={Published online \url{http://atlanmod.emn.fr/www/papers/eTX2006/}}
} 

@UNPUBLISHED{Chapman06,
	author = {Matt Chapman},
	title  ={Extending {JDT} to support {Java}-like languages},
	year = {2006},
	note = {Invited Talk at EclipseCon'06}
}


@INPROCEEDINGS{KaestnerTSFLWA09,
 TITLE = {{FeatureIDE}: Tool Framework for Feature-Oriented Software Development},
 AUTHOR = {Christian K{\"a}stner and Thomas Th{\"u}m and Gunter Saake and Janet Feigenspan and Thomas Leich and Fabian Wielgorz and Sven Apel},
 BOOKTITLE = ICSE,
 YEAR = 2009,
 publisher = {IEEE},
 PAGES = {611--614},
}

@inproceedings{KlintSV09,
  title = {Rascal: A domain-specific language for source code analysis and manipulation},
  author = {Paul Klint and Tijs van der Storm and Jurgen Vinju},
  year = {2009},
  pages = {168--177},
  booktitle = SCAM,
}

@inproceedings{Steimann06,
	author = {Friedrich Steimann},
	title = {The Paradoxical Success of Aspect-Oriented Programming},
	booktitle = OOPSLA,
	year = {2006},
	pages = {481--497},
	 publisher= {ACM},
}

@misc{Storm11,
  author =       {Tijs van der Storm},
  title =        {The {Rascal} Language Workbench},
  howpublished = {Submitted to Language Workbench Competition 2011, available at \url{http://oai.cwi.nl/oai/asset/18531/18531D.pdf}.},
  year = {2011},
}

@InProceedings{ErdwegKRKOV11,
  author =    {Sebastian Erdweg and Lennart C. L. Kats and Tillmann Rendel and
               Christian K{\"a}stner and Klaus Ostermann and Eelco Visser},
  title =     {Growing a Language Environment with Editor Libraries},
  year =      {2011},
  booktitle = GPCE,
  publisher = {ACM},
  pages = {167--176},
}

@InProceedings{ErdwegKRKOV11a,
  author =    {Sebastian Erdweg and Lennart C. L. Kats and Tillmann Rendel and
               Christian K{\"a}stner and Klaus Ostermann and Eelco Visser},
  title =     {Library-based Model-driven Software Development with {SugarJ}},
  year =      {2011},
  booktitle = OOPSLACOMPANION,
  publisher = {ACM},
  pages = {17--18},
}

@InProceedings{ErdwegKRKOV11b,
  author =    {Sebastian Erdweg and Lennart C. L. Kats and Tillmann Rendel and
               Christian K{\"a}stner and Klaus Ostermann and Eelco Visser},
  title =     {{SugarJ}: Library-based Language Extensibility},
  year =      {2011},
  booktitle = OOPSLACOMPANION,
  publisher = {ACM},
  pages = {187--188},
}

@inproceedings{FlattBF09,
  author    = {Matthew Flatt and
               Eli Barzilay and
               Robert Bruce Findler},
  title     = {Scribble: Closing the book on ad hoc documentation tools},
  booktitle = ICFP,
  year      = {2009},
  pages     = {109--120},
  publisher = {ACM},
}

@inproceedings{BrandSVV02,
  author    = {Mark van den Brand and
               Jeroen Scheerder and
               Jurgen J. Vinju and
               Eelco Visser},
  title     = {Disambiguation Filters for Scannerless Generalized {LR} Parsers},
  booktitle = CC,
  year      = {2002},
  pages     = {143--158},
  publisher = {Springer},
  series    = {LNCS},
  volume    = {2304},
}

@InProceedings{AllenCNRR09,
         title = "Growing a Syntax",
         author = "Eric Allen and Ryan Culpepper and Janus Dam Nielsen and Jon Rafkind
and Sukyoung Ryu",
         booktitle = FOOL,
         year = 2009,
         note = {Available at \url{http://www.cs.cmu.edu/~aldrich/FOOL09/allen.pdf}},
}

@MastersThesis{Shutt93,
  author =       {John N. Shutt},
  title =        {Recursive Adaptable Grammars},
  school =       {Worcester Polytechnic Institute},
  year =         {1993},
}


@book{javaspec,
 author = {Gosling, James and Joy, Bill and Steele, Guy and Bracha, Gilad},
 title = {Java(TM) Language Specification, (3rd Edition)},
 year = {2005},
 publisher = {Addison-Wesley},
} 

@inproceedings{BravenboerVVV05,
  author    = {Martin Bravenboer and
               Rob Vermaas and
               Jurgen J. Vinju and
               Eelco Visser},
  title     = {Generalized Type-Based Disambiguation of Meta Programs with
               Concrete Object Syntax},
  booktitle = GPCE,
  year      = {2005},
  pages     = {157--172},
  publisher = {Springer},
  series    = {LNCS},
  volume    = {3676},
}


@inproceedings{Moonen01,
 author = {Moonen, Leon},
 title = {Generating Robust Parsers using Island Grammars},
 booktitle = WCRE,
 year = {2001},
 pages = {13--22},
 publisher = {IEEE},
 keywords = {Island grammars, parser generation, source model extraction, partial parsing, fuzzy parsing, reverse engineering, program analysis.},
}


@article{Knuth68,
  author    = {Donald E. Knuth},
  title     = {Semantics of Context-Free Languages},
  journal   = {Mathematical Systems Theory},
  volume    = {2},
  number    = {2},
  year      = {1968},
  pages     = {127--145},
}

@inproceedings{EkmanH04,
  author    = {Torbj{\"o}rn Ekman and
               G{\"o}rel Hedin},
  title     = {Rewritable Reference Attributed Grammars},
  booktitle = ECOOP,
  year      = {2004},
  pages     = {144--169},
  publisher = {Springer},
  series    = {LNCS},
  volume    = {3086},
}

@inproceedings{HudakHJW07,
  author = {Hudak, Paul and Hughes, John and {Peyton Jones}, Simon and Wadler, Philip},
  title = {A history of {Haskell}: Being lazy with class},
  booktitle = HOPL,
  year = {2007},
  pages = {1--55},
  publisher = {ACM},
} 

@article{Spinellis01,
  author    = {Diomidis Spinellis},
  title     = {Notable design patterns for domain-specific languages},
  journal   = {Systems and Software},
  volume    = {56},
  number    = {1},
  year      = {2001},
  pages     = {91--99},
}

@inproceedings{Soderberg11,
 author = {S{\"o}derberg, Emma and Hedin, G{\"o}rel},
 title = {Building semantic editors using {JastAdd}: Tool demonstration},
 booktitle = LDTA,
 year = {2011},
 pages = {1--6},
 publisher = {ACM},
} 

@inproceedings{Voelter11,
  author    = {Markus V{\"o}lter},
  title     = {Language and {IDE} Modularization, Extension and Composition with {MPS}},
  booktitle = GTTSEPRE,
  year      = {2011},
  pages     = {395--431},
}

@inproceedings{OstermannGKR11,
  author    = {Klaus Ostermann and
               Paolo G. Giarrusso and
               Christian K{\"a}stner and
               Tillmann Rendel},
  title     = {Revisiting Information Hiding: Reflections on Classical
               and Nonclassical Modularity},
  booktitle = ECOOP,
  year      = {2011},
  pages     = {155--178},
  publisher = {Springer},
  series    = {LNCS},
  volume    = {6813},
}


@article{RebernakMHP06,
  author    = {Damijan Rebernak and
               Marjan Mernik and
               Pedro Rangel Henriques and
               Maria Jo{\~a}o Varanda Pereira},
  title     = {{AspectLISA}: An Aspect-oriented Compiler Construction System
               Based on Attribute Grammars},
  journal   = {Electronic Notes in Theoretical Computer Science},
  volume    = {164},
  number    = {2},
  year      = {2006},
  pages     = {37--53},
}

 @inproceedings{ErdwegGR12,
    author =    {Sebastian Erdweg and Paolo G. Giarrusso and Tillmann Rendel},
    title =     {Language Composition Untangled},
    booktitle = LDTA,
    year =      {2012},
    pdf = {http://www.informatik.uni-marburg.de/~seba/publications/languagecomposition.pdf},
  pages     = {7:1--7:8},
  publisher = {ACM}
}

@inproceedings{FranceR07,
  author    = {Robert B. France and
               Bernhard Rumpe},
  title     = {Model-driven Development of Complex Software: A Research
               Roadmap},
  booktitle = FOSE,
  year      = {2007},
  pages     = {37--54},
  publisher = {ACM}
}

@article{HemelKGV10,
  author    = {Zef Hemel and
               Lennart C. L. Kats and
               Danny M. Groenewegen and
               Eelco Visser},
  title     = {Code generation by model transformation: A case study in
               transformation modularity},
  journal   = {Software and System Modeling},
  volume    = {9},
  number    = {3},
  year      = {2010},
  pages     = {375--402},
}

@inproceedings{AnconaLZ02,
  author    = {Davide Ancona and
               Giovanni Lagorio and
               Elena Zucca},
  title     = {A Formal Framework for {Java} Separate Compilation},
  booktitle = ECOOP,
  year      = {2002},
  pages     = {609--636},
  publisher = {Springer},
  series    = {LNCS},
  volume    = {2374},
}

@article{Bezivin05,
  author    = {Jean B{\'e}zivin},
  title     = {On the unification power of models},
  journal   = {Software and System Modeling},
  volume    = {4},
  number    = {2},
  year      = {2005},
  pages     = {171--188},
}

@article{McCarthy60,
  author    = {John McCarthy},
  title     = {Recursive Functions of Symbolic Expressions and Their Computation
               by Machine, Part {I}},
  journal   = CACM,
  volume    = {3},
  number    = {4},
  year      = {1960},
  pages     = {184--195},
}



@article{CzarneckiH06,
 author = {Czarnecki, K. and Helsen, S.},
 title = {Feature-based survey of model transformation approaches},
 journal = {IBM Systems Journal},
 volume = {45},
 number = {3},
 year = {2006},
 pages = {621--645},
} 


@inproceedings{TisiJFCB09,
 author = {Tisi, Massimo and Jouault, Fr{\'e}d{\'e}ric and Fraternali, Piero and Ceri, Stefano and B{\'e}zivin, Jean},
 title = {On the Use of Higher-Order Model Transformations},
 booktitle = ECMDAFA,
 year = {2009},
 pages = {18--33},
 publisher = {Springer},
 series    = {LNCS},
 volume    = {5562},
}


@inproceedings{LopezHerrejonB01,
  author = {Roberto Lopez-Herrejon and Don Batory},
  title = {A Standard Problem for Evaluating Product-Line Methodologies},
  booktitle = GCSE,
  year = {2001},
  pages = {10--24},
  publisher = {Springer},
  series={LNCS},
  volume={2186},
}

@article{KastnerATS11,
  author={Christian K{\"a}stner and Sven Apel and Thomas Th{\"u}m and Gunter Saake},
  title={Type Checking Annotation-Based Product Lines},
  journal=TOSEM,
  year = {2012},
  publisher={ACM},
  volume = {21},
  number = {3},
  pages = {14:1--14:39},
}

@unpublished{Cardelli88,
	author={Luca Cardelli},
	title={Phase Distinctions in Type Theory},
	year={1988}
}

@inproceedings{JorringW86,
 author = {J{\o}rring, Ulrik and Scherlis, William L.},
 title = {Compilers and staging transformations},
 booktitle = POPL,
 year = {1986},
 pages = {86--96},
 publisher = {ACM},
} 

@article{TahaS00,
  author    = {Walid Taha and
               Tim Sheard},
  title     = {{MetaML} and multi-stage programming with explicit annotations},
  journal   = {Theoretical Computer Science},
  volume    = {248},
  number    = {1-2},
  year      = {2000},
  pages     = {211--242},
}
@inproceedings{Bawden00,
 author = {Bawden, Alan},
 title = {First-class macros have types},
 booktitle = POPL,
 year = {2000},
 pages = {133--141},
 publisher = {ACM},
} 

@book{SteinbergBPM08,
    author = {Dave Steinberg and Frank Budinsky and Marcelo Paternostro and Ed Merks},
    publisher = {Addison-Wesley Professional},
    title = {{EMF: Eclipse Modeling Framework (2nd Edition)}},
    year = {2008}
}

@inproceedings{LorenzR11,
  author    = {David H. Lorenz and
               Boaz Rosenan},
  title     = {Cedalion: A language for language oriented programming},
  booktitle = OOPSLA,
  year      = {2011},
  pages     = {733--752},
  publisher = {ACM},
}

@book{Fowler10,
  author =    {Martin Fowler},
  title =     {Domain-Specific Languages},
  publisher = {Addison Wesley},
  year =      {2010},
}

@inproceedings{Bawden99,
  author    = {Alan Bawden},
  title     = {Quasiquotation in Lisp},
  booktitle = PEPM,
  year      = {1999},
  pages     = {4--12},
  publisher = {ACM},
}

@inproceedings{HaaseVEK07,
  author = {Arno Haase and Markus V{\"o}lter and Sven Efftinge and Bernd Kolb},
  title = {Introduction to {openArchitectureWare} 4.1.2},
  booktitle = {Model-Driven Development Tool Implementers Forum},
  year = {2007},
}

@Misc{HUTN,
  author =    {{Object Management Group}},
  title =     {Human-Usable Textual Notation ({HUTN}) Specification 1.0},
  howpublished = {Available at \url{http://www.omg.org/spec/HUTN}},
  year =      {2004},
}

@article{ApelK09,
  author    = {Sven Apel and
               Christian K{\"a}stner},
  title     = {An Overview of Feature-Oriented Software Development},
  journal   = {Object Technology},
  volume    = {8},
  number    = {5},
  year      = {2009},
  pages     = {49--84},
}

@inproceedings{KurtevBJV06,
  author    = {Ivan Kurtev and
               Jean B{\'e}zivin and
               Fr{\'e}d{\'e}ric Jouault and
               Patrick Valduriez},
  title     = {Model-based {DSL} frameworks},
  booktitle = OOPSLACOMPANION,
  year      = {2006},
  pages     = {602--616},
  publisher = {ACM},
}

@inproceedings{Kent02,
  author    = {Stuart Kent},
  title     = {Model Driven Engineering},
  booktitle = IFM,
  year      = {2002},
  pages     = {286--298},
  publisher = {Springer},
  series    = {LNCS},
  volume    = {2335},
}

@book{EMP,
  author = {Richard C. Gronback},
  title = {Eclipse Modeling Project: A Domain-Specific Language Toolkit},
  publisher = {Addison-Wesley},
  year = {2009},
}


@article{CaretteKS09,
 author = {Carette, Jacques and Kiselyov, Oleg and Shan, Chung-chieh},
 title = {Finally tagless, partially evaluated: Tagless staged interpreters for simpler typed languages},
 journal = JFP,
 volume = {19},
 number = {5},
 year = {2009},
 pages = {509--543},
} 

@inproceedings{JurackT09,
 author = {Jurack, Stefan and Taentzer, Gabriele},
 title = {Towards Composite Model Transformations Using Distributed Graph Transformation Concepts},
 booktitle = MODELS,
 year = {2009},
 pages = {226--240},
 publisher = {Springer},
 series = {LNCS},
 volume = {5795},
} 

@inproceedings{KnirschK02,
 author = {Knirsch, Peter and Kuske, Sabine},
 title = {Distributed Graph Transformation Units},
 booktitle = ICGT,
 year = {2002},
 pages = {207--222},
 publisher = {Springer},
 series = {LNCS},
 volume = {2505},
} 

@misc{MPS-guide,
  author =       {JetBrains},
  title =        {MPS User's Guide},
  howpublished = {Available at \url{http://confluence.jetbrains.net/display/MPSD2/}, accessed Oct.~01, 2012.},
  year = {2010},
}

@inproceedings{KloseO10,
 author = {Klose, Karl and Ostermann, Klaus},
 title = {Modular logic metaprogramming},
 booktitle = OOPSLA,
 year = {2010},
 pages = {484--503},
 publisher = {ACM},
} 


@inproceedings{ParrF11,
  author    = {Terence Parr and
               Kathleen Fisher},
  title     = {{LL(*)}: The foundation of the {ANTLR} parser generator},
  booktitle = PLDI,
  year      = {2011},
  pages     = {425--436},
  publisher = {ACM},
}

@ARTICLE{ParrQ95,
    author = {Terence Parr and Russell W. Quong},
    title = {{ANTLR}: A Predicated-{LL(k)} Parser Generator},
    journal = {Software Practice and Experience},
    year = {1995},
    volume = {25},
    number = {7},
    pages = {789--810}
}

@inproceedings{Ford04,
  author    = {Bryan Ford},
  title     = {Parsing expression grammars: A recognition-based syntactic
               foundation},
  booktitle = POPL,
  year      = {2004},
  pages     = {111--122},
  publisher = {ACM},
}

@inproceedings{Ford02,
  author    = {Bryan Ford},
  title     = {Packrat parsing: Simple, powerful, lazy, linear time,
               functional pearl},
  booktitle = ICFP,
  year      = {2002},
  pages     = {36--47},
  publisher = {ACM},
}

@TechReport{LeijenM01,
  author =       {Daan Leijen and Erik Meijer},
  title =        {Parsec: Direct Style Monadic Parser Combinators for the Real World},
  institution =  {Universiteit Utrecht},
  year =         {2001},
  number =    {UU-CS-2001-27},
}

@article{Landin66,
  author    = {Peter J. Landin},
  title     = {The next 700 programming languages},
  journal   = CACM,
  volume    = {9},
  number    = {3},
  year      = {1966},
  pages     = {157--166},
}

@inproceedings{SheardPJ02,
  author    = {Sheard, Tim and {Peyton Jones}, Simon},
  title     = {Template Meta-Programming for {Haskell}},
  booktitle = HaskellWorkshop,
  year      = {2002},
  pages     = {1--16},
  publisher = {ACM},
}

@inproceedings{Priebe05,
  author    = {Priebe, Steffen},
  title     = {Preprocessing {Eden} with {Template Haskell}},
  booktitle = GPCE,
  year      = {2005},
  pages     = {357--372},
  publisher = {Springer},
}

@inproceedings{Mainland07,
  author    = {Mainland, Geoffrey},
  title     = {Why it's Nice to be Quoted: Quasiquoting for {Haskell}},
  booktitle = HaskellWorkshop,
  year      = {2007},
  pages     = {73--82},
  publisher = {ACM},
}

@article{Hughes00,
  author    = {John Hughes},
  title     = {Generalising monads to arrows},
  journal   = {Science of Computer Programming},
  volume    = {37},
  number    = {1--3},
  year      = {2000},
  pages     = {67--111},
}

@inproceedings{Paterson01,
  author    = {Ross Paterson},
  title     = {A New Notation for Arrows},
  booktitle = ICFP,
  year      = {2001},
  pages     = {229--240},
  publisher = {ACM},
}

@misc{GHCGuide,
  author = {{GHC Team}},
  title =        {The Glorious {Glasgow Haskell Compilation System} User's Guide, Version 7.4.1},
  howpuplished = {Available at \url{httü://www.haskell.org/ghc/docs/7.4.1/html/users_guide/}},
  year = 2012,
}

@misc{PatersonJ04,
  author = {Ross Paterson	and Simon {Peyton Jones}},
  title =        {Type and Translation Rules for Arrow Notation in {GHC}},
  howpuplished = {Available at \url{http://www.haskell.org/ghc/docs/papers/arrow-rules.pdf}},
  year = {2004},
}

@misc{Wansbrough99,
  author       = {Keith Wansbrough},
  title        = {Macros and Preprocessing in Haskell},
  howpublished = {Available at \url{http://www.lochan.org/keith/publications/hspp-hw99.ps.gz}},
  year         = {1999}
}


@article{McBrideP08,
 author = {McBride, Conor and Paterson, Ross},
 title = {Applicative programming with effects},
 journal = JFP,
 volume = {18},
 number = {1},
 year = {2008},
 pages = {1--13},
} 


@article{R6RS,
author = {Michael Sperber and R. Kent Dybvig  and Matthew Flatt and Anton van Straaten and Robby Findler and Jacob Matthews},
title = {Revised$^6$ Report on the Algorithmic Language {Scheme}},
journal = JFP,
volume = {19},
number = {Supplement S1},
pages = {1--301},
year = {2009},
}


@article{Layzell85,
  author    = {Paul J. Layzell},
  title     = {The History of Macro Processors in Programming Language
               Extensibility},
  journal   = {The Computer Journal},
  volume    = {28},
  number    = {1},
  year      = {1985},
  pages     = {29--33},
}

@article{McIlroy60,
  author    = {M. Douglas McIlroy},
  title     = {Macro Instruction Extensions of Compiler Languages},
  journal   = CACM,
  volume    = {3},
  number    = {4},
  year      = {1960},
  pages     = {214--220},
}

@misc{Haskell2010,
  author    = {{Marlow (editor)}, Simon},
  title     = {{Haskell 2010} language report},
  year      = {2010},
  howpublished = {Available at \url{http://www.haskell.org/onlinereport/haskell2010}}
}

@inproceedings{Dijkstra09,
  author    = {Dijkstra, Atze and Fokker, Jeroen and Swierstra, S. Doaitse},
  title     = {The architecture of the {Utrecht} {Haskell} compiler},
  booktitle = HaskellSymposium,
  year      = {2009},
  pages     = {93--104},
  publisher = {ACM},
}

@book{Hopcroft:2006:IAT:1196416,
 author = {Hopcroft, John E. and Motwani, Rajeev and Ullman, Jeffrey D.},
 title = {Introduction to Automata Theory, Languages, and Computation (3rd Edition)},
 year = {2006},
 publisher = {Addison-Wesley Longman Publishing Co., Inc.},
 address = {Boston, MA, USA},
} 

@article{Tomita87,
  author    = {Masaru Tomita},
  title     = {An Efficient Augmented-Context-Free Parsing Algorithm},
  journal   = {Computational Linguistics},
  volume    = {13},
  number    = {1-2},
  year      = {1987},
  pages     = {31--46},
}

@inproceedings{KatsVW10,
  author    = {Lennart C. L. Kats and
               Eelco Visser and
               Guido Wachsmuth},
  title     = {Pure and declarative syntax definition: Paradise lost and
               regained},
  booktitle = OOPSLA,
  year      = {2010},
  pages     = {918--932},
  publisher = {ACM},
}

@inproceedings{McBride04,
  author    = {Conor McBride},
  title     = {Epigram: Practical Programming with Dependent Types},
  booktitle = {Advanced Functional Programming},
  year      = {2004},
  pages     = {130--170},
  publisher = {Springer},
  series    = {LNCS},
  volume    = {3622},
}

@inproceedings{ErdwegRRO12,
    author =    {Sebastian Erdweg and Felix Rieger and Tillmann Rendel and Klaus Ostermann},
    title =     {Layout-sensitive Language Extensibility with {SugarHaskell}},
    booktitle = HaskellSymposium,
    year = {2012},
    publisher = {ACM},
    pages     = {149--160},
    pdf = {http://sugarj.org/sugarhaskell.pdf},
}

@inproceedings{ErdwegRKO12,
    author =    {Sebastian Erdweg and Tillmann Rendel and
                Christian K{\"a}stner and Klaus Ostermann},
    title =     {Layout-sensitive Generalized Parsing},
    booktitle = SLE,
    year = {2012},
    publisher = {Springer},
  pages     = {244--263},
  series    = {LNCS},
  volume    = {7745},
    pdf = {http://sugarj.org/layout-parsing.pdf}
}


@inproceedings{HeerenHS03,
  author    = {Bastiaan Heeren and
               Jurriaan Hage and
               S. Doaitse Swierstra},
  title     = {Scripting the type inference process},
  booktitle = ICFP,
  year      = {2003},
  pages     = {3--13},
  publisher = {ACM},
}

@misc{Rieger12,
  AUTHOR = {Felix Rieger},
  TITLE = {A Language-independent Framework for Syntactic Extensibility},
  howpublished = {Bachelor's Thesis, University of Marburg},
  ADDRESS = {Germany},
  MONTH = {June},
  YEAR = {2012},
  PDF = {http://www.informatik.uni-marburg.de/~seba/publications/thesis-rieger.pdf},
}


@INPROCEEDINGS{KaestnerOE12,
  AUTHOR = {Christian K{\"a}stner and Klaus Ostermann and Sebastian Erdweg},
  TITLE = {A Variability-Aware Module System},
  BOOKTITLE = OOPSLA,
  PUBLISHER = {ACM},
  YEAR = {2012},
  pages = {773--792},
}

@INPROCEEDINGS{KaestnerGREOB11,
  AUTHOR = {Christian K{\"a}stner and Paolo G. Giarrusso and Tillmann Rendel and Sebastian Erdweg and Klaus Ostermann and Thorsten Berger},
  TITLE = {Variability-Aware Parsing in the Presence of Lexical Macros and Conditional Compilation},
  BOOKTITLE = OOPSLA,
  PAGES = {805--824},
  PUBLISHER = {ACM},
  YEAR = {2011},
  PDF = {http://www.informatik.uni-marburg.de/~kaestner/oopsla11_typechef.pdf}
}

@INPROCEEDINGS{ThuemKES11,
  AUTHOR = {Thomas Th{\"u}m and Christian K{\"a}stner and Sebastian Erdweg and Norbert Siegmund},
  TITLE = {Abstract Features in Feature Modeling},
  BOOKTITLE = SPLC,
  YEAR = {2011},
  PUBLISHER = {IEEE},
  URL = {http://www.informatik.uni-marburg.de/~kaestner/SPLC11_af.pdf},
  PAGES = {191-200}
}

@inproceedings{KaestnerREPARO12,
  author = {Christian K{\"a}stner and Alexander von Rhein and Sebastian Erdweg and Jonas Pusch and Sven Apel and Tillmann Rendel and Klaus Ostermann},
  title = {Toward Variability-Aware Testing},
  booktitle = FOSD,
  year = {2012},
  pages = {1--8},
  publisher = {ACM},
}

@inproceedings{AldrichCN02,
  author    = {Jonathan Aldrich and
               Craig Chambers and
               David Notkin},
  title     = {{ArchJava}: Connecting software architecture to implementation},
  booktitle = ICSE,
  year      = {2002},
  pages     = {187--197},
  publisher = {ACM},
}


@book{Stoy77,
 author = {Stoy, Joseph E.},
 title = {Denotational Semantics: The {Scott-Strachey} Approach to Programming Language Theory},
 year = {1977},
 publisher = {MIT Press},
} 

@inproceedings{MadsenM10,
 author = {Madsen, Ole Lehrmann and M{\o}ller-Pedersen, Birger},
 title = {A unified approach to modeling and programming},
 booktitle = MODELS,
 year = {2010},
 pages = {1--15},
 publisher = {Springer},
 series = {LNCS},
 volume = {6394},
} 


@article{MoriconiQR95,
  author    = {Mark Moriconi and
               Xiaolei Qian and
               Robert A. Riemenschneider},
  title     = {Correct Architecture Refinement},
  journal   = TSE,
  volume    = {21},
  number    = {4},
  year      = {1995},
  pages     = {356--372},
}


@inproceedings{KuhnMT12,
  author    = {Adrian Kuhn and
               Gail C. Murphy and
               C. Albert Thompson},
  title     = {An Exploratory Study of Forces and Frictions Affecting Large-Scale
               Model-Driven Development},
  booktitle = MODELS,
  year      = {2012},
  pages     = {352--367},
  publisher = {Springer},
  series    = {LNCS},
  volume    = {7590},
}


@inproceedings{HeidenreichJSW09,
 author = {Heidenreich, Florian and Johannes, Jendrik and Seifert, Mirko and Wende, Christian},
 title = {Closing the gap between modelling and {Java}},
 booktitle = SLE,
 year = {2009},
 pages = {374--383},
 publisher = {Springer},
 series    = {LNCS},
 volume    = {5969},
} 

@inproceedings{ForwardL08,
 author = {Forward, Andrew and Lethbridge, Timothy C.},
 title = {Problems and opportunities for model-centric versus code-centric software development: A survey of software professionals},
 booktitle = {Proceedings of Workshop on Models in Software Engineering (MiSE)},
 year = {2008},
 pages = {27--32},
 publisher = {ACM},
} 

@inproceedings{AllenD94,
 author = {Allen, Robert and Garlan, David},
 title = {Formalizing architectural connection},
 booktitle = ICSE,
 year = {1994},
 pages = {71--80},
 publisher = {IEEE},
} 

@inproceedings{BrandDHJ01,
  title={The {ASF+SDF Meta-Environment}: A Component-Based Language Development Environment},
  author={van den Brand, Mark and van Deursen, A. and Heering, J. and De Jong, HA and others},
  MOREauthor={van den Brand, MGJ and van Deursen, A. and Heering, J. and De Jong, HA and De Jonge, M. and Kuipers, T. and Klint, P. and Moonen, L. and Olivier, PA and others},
  series={LNCS},
  booktitle=CC,
  volume={2027},
  pages={365--370},
  year={2001},
  publisher={Springer}
}

@inproceedings{Steimann06,
	author = {Friedrich Steimann},
	title = {The Paradoxical Success of Aspect-Oriented Programming},
	booktitle = OOPSLA,
	year = {2006},
	pages = {481--497},
	 publisher= {ACM},
}

@article{Dijkstra68,
 author = {Dijkstra, Edsger W.},
 title = {Letters to the editor: Go to statement considered harmful},
 journal = CACM,
 volume = {11},
 number = {3},
 year = {1968},
 pages = {147--148},
 publisher = {ACM},
} 

@techreport{DahlMN67,
    author = {Dahl, O. J. and Myhrhaug, B. and Nygaard, K.},
    institution = {Norwegian Computing Center},
    title = {{SIMULA} 67 Common Base Language},
    year = {1967},
    number = {S-22},
}


@article{LiskovZ74,
  author    = {Barbara Liskov and
               Stephen N. Zilles},
  title     = {Programming with Abstract Data Types},
  journal   = {SIGPLAN Notices},
  volume    = {9},
  number    = {4},
  year      = {1974},
  pages     = {50--59},
}

@book{FelleisenFFK01,
 author = {Felleisen, Matthias and Findler, Robert Bruce and Flatt, Matthew and Krishnamurthi, Shriram},
 title = {How to design programs: An introduction to programming and computing},
 year = {2001},
 publisher = {MIT Press},
} 

@article{Algol60,
 author = {Backus, J. W. and Bauer, F. L. and Green, J. and Katz, C. and McCarthy, J. and Perlis, A. J. and Rutishauser, H. and Samelson, K. and Vauquois, B. and Wegstein, J. H. and van Wijngaarden, A. and Woodger, M.},
 title = {Revised report on the algorithm language {ALGOL} 60},
 journal = CACM,
 volume = {6},
 number = {1},
 year = {1963},
 pages = {1--17},
} 

@article{Bentley86c,
  author    = {Jon Louis Bentley},
  title     = {Little Languages},
  journal   = CACM,
  volume    = {29},
  number    = {8},
  year      = {1986},
  pages     = {711--721},
}

@article{VanDeursenK98,
  author    = {Arie van Deursen and
               Paul Klint},
  title     = {Little languages: Little maintenance?},
  journal   = {Software Maintenance},
  volume    = {10},
  number    = {2},
  year      = {1998},
  pages     = {75--92},
}

@inproceedings{HermansPD09,
  author    = {Felienne Hermans and
               Martin Pinzger and
               Arie van Deursen},
  title     = {Domain-Specific Languages in Practice: A User Study on the
               Success Factors},
  booktitle = MODELS,
  year      = {2009},
  pages     = {423--437},
  publisher = {Springer},
  series    = {LNCS},
  volume    = {5795},
}

@article{KosarOMPCCH10,
  author    = {Tomaz Kosar and
               Nuno Oliveira and
               Marjan Mernik and
               Maria Jo{\~a}o Varanda Pereira and
               Matej Crepinsek and
               Daniela Carneiro da Cruz and
               Pedro Rangel Henriques},
  title     = {Comparing general-purpose and domain-specific languages:
               An empirical study},
  journal   = {Computer Science and Information Systems},
  volume    = {7},
  number    = {2},
  year      = {2010},
  pages     = {247--264},
}

@article{KosarMC12,
  author    = {Tomaz Kosar and
               Marjan Mernik and
               Jeffrey C. Carver},
  title     = {Program comprehension of domain-specific and general-purpose
               languages: Comparison using a family of experiments},
  journal   = {Empirical Software Engineering},
  volume    = {17},
  number    = {3},
  year      = {2012},
  pages     = {276--304},
}

@book{MasonB90,
 author = {Mason, Tony and Brown, Doug},
 title = {Lex \& yacc},
 year = {1990},
 publisher = {O'Reilly},
} 

@inproceedings{JimMW10,
  author = {Trevor Jim and
               Yitzhak Mandelbaum and
               David Walker},
  title = {Semantics and algorithms for data-dependent grammars},
  booktitle = POPL,
  year = {2010},
  pages = {417--430},
  publisher = {ACM},
}


@article{WhiteHGTGS09,
  author    = {Jules White and
               James H. Hill and
               Jeff Gray and
               Sumant Tambe and
               Aniruddha S. Gokhale and
               Douglas C. Schmidt},
  title     = {Improving Domain-Specific Language Reuse with Software Product
               Line Techniques},
  journal   = {IEEE Software},
  volume    = {26},
  number    = {4},
  year      = {2009},
  pages     = {47--53},
}

@inproceedings{PedroRBA10,
 author = {Pedro, Luis and Risoldi, Matteo and Buchs, Didier and Amaral, Vasco},
 title = {Developing domain-specific modeling languages by metamodel semantic enrichment and composition: A case study},
 booktitle = DSM,
 year = {2010},
 pages = {16:1--16:6},
 publisher = {ACM},
} 

@article{RobillardCM04,
  author    = {Martin P. Robillard and
               Wesley Coelho and
               Gail C. Murphy},
  title     = {How Effective Developers Investigate Source Code: An Exploratory
               Study},
  journal   = TSE,
  volume    = {30},
  number    = {12},
  year      = {2004},
  pages     = {889--903},
}

@inproceedings{HouW09,
  author    = {Daqing Hou and
               Yuejiao Wang},
  title     = {Analyzing the evolution of user-visible features: A case
               study with {Eclipse}},
  booktitle = ICSM,
  year      = {2009},
  pages     = {479--482},
  publisher = {IEEE},
}

@article{Flatt12,
  author    = {Matthew Flatt},
  title     = {Creating languages in {Racket}},
  journal   = CACM,
  volume    = {55},
  number    = {1},
  year      = {2012},
  pages     = {48--56},
}

@article{Wilson04,
  author    = {Gregory V. Wilson},
  title     = {Extensible programming for the 21st century},
  journal   = {ACM Queue},
  volume    = {2},
  number    = {9},
  year      = {2004},
  pages     = {48--57},
}

@inproceedings{RafkindF12,
  author = {Jon Rafkind and Matthew Flatt},
  title = {Honu: Syntactic extension for algebraic notation through enforestation},
  booktitle = GPCE,
  year = {2012},
  pages = {122--131},
  publisher = {ACM},
}

@article{DybvigHB92,
  author    = {R. Kent Dybvig and
               Robert Hieb and
               Carl Bruggeman},
  title     = {Syntactic Abstraction in Scheme},
  journal   = {Lisp and Symbolic Computation},
  volume    = {5},
  number    = {4},
  year      = {1992},
  pages     = {295--326},
}

@misc{Rauglaudre03,
  author =    {Daniel de Rauglaudre},
  title =     {Camlp4 reference manual},
  howpublished = {\url{http://caml.inria.fr/pub/docs/manual-camlp4/index.html}, accessed Mar.~26 2013},
  year =      2003,
}

@article{Mosses04,
  author    = {Peter D. Mosses},
  title     = {Modular structural operational semantics},
  journal   = {Logic and Algebraic Programming},
  volume    = {60-61},
  year      = {2004},
  pages     = {195--228},
  publisher = {Elsevier},
}

@article{AndersenB10,
  author    = {Jacob Andersen and
               Claus Brabrand},
  title     = {Syntactic Language Extension via an Algebra of Languages
               and Transformations},
  journal = {Electronic Notes in Theoretical Computer Science},
  volume    = {253},
  number    = {7},
  year      = {2010},
  pages     = {19--35},
}

@Misc{Skalski04,
  author =    {Skalski, K. and Moskal, M. and and Olszta, P.},
  title =     {Meta-programming in Nemerle},
  howpublished = {\url{http://nemerle.org/metaprogramming.pdf}, accessed Oct.~01 2012.},
  year =      {2004},
}

@inproceedings{FisherS06,
  author    = {David Fisher and
               Olin Shivers},
  title     = {Static analysis for syntax objects},
  booktitle = ICFP,
  year      = {2006},
  pages     = {111--121},
  publisher = {ACM},
}

@inproceedings{KatzenelsonM71,
 author = {Katzenelson, J. and Milgrom, E.},
 title = {A short presentation of the main features of {AEPL} - {An} extensible programming language},
 booktitle = ISEL,
 year = {1971},
 location = {Grenoble, France},
 pages = {23--25},
 publisher = {ACM},
} 

@TechReport{Wegbreit70,
  author =       {Ben Wegbreit},
  title =        {Studies in Extensible Programming Languages},
  institution =  {Harvard University, Cambridge, Massachusetts},
  year =         {1970},
  number =    {ESD-TR-70-297},
}

@inproceedings{LiebigKA11,
  author    = {J{\"o}rg Liebig and
               Christian K{\"a}stner and
               Sven Apel},
  title     = {Analyzing the discipline of preprocessor annotations in
               30 million lines of {C} code},
  booktitle = AOSD,
  year      = {2011},
  pages     = {191--202},
  publisher = {ACM},
}

@misc{Fehrenbach11,
  AUTHOR = {Stefan Fehrenbach},
  TITLE = {Retrofitting Language-oriented Design with {SugarJ}},
  howpublished = {Bachelor's Thesis, University of Marburg},
  ADDRESS = {Germany},
  MONTH = {November},
  YEAR = {2011},
  PDF = {http://www.informatik.uni-marburg.de/~seba/publications/thesis-fehrenbach.pdf},
}

@inproceedings{KaminskiW12,
  author =       {Ted Kaminski and Eric {Van Wyk}},
  title =        {Modular well-definedness analysis for attribute grammars},
  booktitle = SLE,
  year =      {2012},
  publisher = {Springer},
  pages     = {352--371},
  series = {LNCS},
  volume    = {7745},
}

@article{FlattCDF12,
  author    = {Matthew Flatt and
               Ryan Culpepper and
               David Darais and
               Robert Bruce Findler},
  title     = {Macros that Work Together---{Compile}-time bindings, partial
               expansion, and definition contexts},
  journal   = JFP,
  volume    = {22},
  number    = {2},
  year      = {2012},
  pages     = {181--216},
}

@inproceedings{RenggliDGN10,
  author    = {Lukas Renggli and
               St{\'e}phane Ducasse and
               Tudor G\^{\i}rba and
               Oscar Nierstrasz},
  title     = {Domain-Specific Program Checking},
  booktitle = TOOLS,
  year      = {2010},
  pages     = {213--232},
  publisher = {Springer},
  series    = {LNCS},
  volume    = {6141},
}

@misc{StallmanW87,
  title={The {C} {Preprocessor}},
  author={Stallman, R.M. and Weinberg, Z.},
  year={1987},
  howpublished = {Available at \url{http://gcc.gnu.org/onlinedocs/cpp/}, accessed Nov.~08, 2012.},
}

@book{KiczalesRB91,
  title={The art of the metaobject protocol},
  author={Kiczales, G. and Des Rivieres, J. and Bobrow, D.G.},
  year={1991},
  publisher={MIT press}
}

@misc{fortressSpec,
  author =       {Eric Allen and David Chase and Joe Hallett and Victor
                  Luchangco and Jan-Willem Maessen and Sukyoung Ryu and Steele, Jr., Guy L. and Sam Tobin-Hochstadt},
  title =        {The {Fortress} Language Specification, Version 1.0},
  howpublished = {Available at \url{http://labs.oracle.com/projects/plrg/Publications/fortress.1.0.pdf}.},
  year = {2008},
}

@inproceedings{ChafiDMRSHOO10,
  author    = {Hassan Chafi and
               Zach DeVito and
               Adriaan Moors and
               Tiark Rompf and
               Arvind K. Sujeeth and
               Pat Hanrahan and
               Martin Odersky and
               Kunle Olukotun},
  title     = {Language virtualization for heterogeneous parallel computing},
  booktitle = OOPSLA,
  year      = {2010},
  pages     = {835--847},
  publisher = {ACM},
}

@article{EkmanH07b,
  author    = {Torbj{\"o}rn Ekman and
               G{\"o}rel Hedin},
  title     = {The {JastAdd} system - Modular extensible compiler construction},
  journal   = {Science of Computer Programming},
  volume    = {69},
  number    = {1-3},
  year      = {2007},
  pages     = {14--26},
}

@inproceedings{WykS07,
  author    = {Eric Van Wyk and
               August Schwerdfeger},
  title     = {Context-aware scanning for parsing extensible languages},
  booktitle = GPCE,
  year      = {2007},
  pages     = {63--72},
  publisher = {ACM},
}

@misc{KolovosRPG12,
  author =       {Dimitrios S. Kolovos and Louis Rose and Richard Paige and Antonio García-Domínguez},
  title =        {The {Epsilon} Book},
  year =         {2012},
  note = {Available at \url{http://www.eclipse.org/epsilon/doc/book/}, accessed Nov.~13, 2012.},
}

@Misc{PetStore,
  author =    {{Sun Microsystems}},
  title =     {{Java Pet Store}},
  year =      2002,
  note = {Available at \url{http://www.oracle.com/technetwork/java/index-136650.html}, accessed Nov.~14, 2012},
}

@book{Larman02,
  title={Applying {UML} and patterns: An introduction to object-oriented analysis and design and the unified process},
  author={Larman, C.},
  year={2002},
  publisher={Prentice Hall},
  edition = {second},
}

@inproceedings{KonatKWV12,
  title = {Declarative Name Binding and Scope Rules},
  author = {Gabriël D. P. Konat and Lennart C. L. Kats and Guido Wachsmuth and Eelco Visser},
  year = {2012},
  booktitle = SLE,
  publisher = {Springer},
  pages     = {311--331},
  series = {LNCS},
  volume    = {7745},
}

@article{MarkstrumMEMAN10,
 author = {Markstrum, Shane and Marino, Daniel and Esquivel, Matthew and Millstein, Todd and Andreae, Chris and Noble, James},
 title = {{JavaCOP}: Declarative pluggable types for {Java}},
 journal = TOPLAS,
 volume = {32},
 number = {2},
 year = {2010},
 pages = {4:1--4:37},
} 

@inproceedings{VisserBT98,
  title = {Building Program Optimizers with Rewriting Strategies},
  author = {Eelco Visser and Zine-El-Abidine Benaissa and Andrew P. Tolmach},
  year = {1998},
  pages = {13--26},
  booktitle = ICFP,
  publisher = {ACM},
}

@article{Brooks87,
 author = {Brooks,Jr., Frederick P.},
 title = {No Silver Bullet: Essence and Accidents of Software Engineering},
 journal = {Computer},
 volume = {20},
 number = {4},
 year = {1987},
 pages = {10--19},
 publisher = {IEEE},
} 

@article{ForwardBLS12,
  author    = {Andrew Forward and
               Omar Bahy Badreddin and
               Timothy C. Lethbridge and
               Julian Solano},
  title     = {Model-driven rapid prototyping with {Umple}},
  journal   = {Software Practice and Experience},
  volume    = {42},
  number    = {7},
  year      = {2012},
  pages     = {781--797},
}

@phdthesis{Erdweg13thesis,
  title = {Extensible Languages for Flexible and Principled Domain Abstraction},
  author = {Sebastian Erdweg},
  year = {2013},
  school = {Philipps-Universi{\"a}t Marburg},
}

@book{pierce2002types,
  title={Types and programming languages},
  author={Pierce, Benjamin C},
  year={2002},
  publisher={MIT press}

}

@article{WrightF94,
  author    = {Andrew K. Wright and
               Matthias Felleisen},
  title     = {A Syntactic Approach to Type Soundness},
  journal   = {Information and Computation},
  volume    = {115},
  number    = {1},
  year      = {1994},
  pages     = {38--94},
}

@inproceedings{CraryW99,
     author = {Crary, Karl and Weirich, Stephanie},
      title = {Flexible type analysis},
  booktitle = ICFP,
       year = {1999},
      pages = {233--248},
  publisher = {ACM},
}

@inproceedings{TobinHochstadtF08,
  author    = {Sam Tobin-Hochstadt and
               Matthias Felleisen},
  title     = {The design and implementation of {Typed Scheme}},
  booktitle = POPL,
  year      = {2008},
  pages     = {395--406},
  publisher = {ACM},
}

@book{FelleisenFF09Redex,
  author    = {Matthias Felleisen and
               Robert Bruce Findler and
               Matthew Flatt},
  title     = {Semantics Engineering with {PLT Redex}},
  publisher = {MIT Press},
  year      = {2009},
}

@article{LosS58,
  title={Remarks on sentential logics},
  author={\L{}o\'{s}, Jerzy and Suszko, Roman},
  journal={Indagationes Mathematicae},
  volume={20},
  pages={177--183},
  year={1958}
}

@article{BravenboerDOV06,
  title={Program transformation with scoped dynamic rewrite rules},
  author={Bravenboer, Martin and Dam, Arthur van and Olmos, Karina and Visser, Eelco},
  journal={Fundamenta Informaticae},
  volume={69},
  number={1-2},
  pages={123--178},
  year={2006},
}

@book{Steele90,
     author = {Steele, Jr., Guy L.},
      title = {Common Lisp -- the Language},
       year = {1990},
  publisher = {Digital Press},
       isbn = {1-55558-041-6}
}

@inproceedings{BaarsS04,
     author = {Baars, Arthur I. and Swierstra, S. Doaitse},
      title = {Type-safe, self inspecting code},
  booktitle = HaskellWorkshop,
       year = {2004},
      pages = {69--79},
  publisher = {ACM},
}

@manual{Wenzel12,
    author = {Wenzel, Makarius},
     title = {The Isabelle/Isar Reference Manual},
      year = {2012}
}

@manual{CoqDevelopmentTeam2012,
        author = {{Coq Development Team}},
         title = {The Coq Proof Assistant Reference Manual},
          year = {2012},
  organization = {INRIA}
}

@phdthesis{Herman12,
    author = {Herman, David},
     title = {A Theory of Typed Hygienic Macros},
      year = {2012},
    school = {Northeastern University, Boston, Massachusetts},
}

@INPROCEEDINGS{GanzST01,
     author = {Ganz, Steve and Sabry, Amr and Taha, Walid},
      title = {Macros as Multi-Stage Computations: Type-Safe, Generative, Binding Macros in {MacroML}},
  booktitle = ICFP,
       year = {2001},
  publisher = {ACM},
}

@article{Moggi91,
  author    = {Eugenio Moggi},
  title     = {Notions of Computation and Monads},
  journal   = {Information and Computation},
  volume    = {93},
  number    = {1},
  year      = {1991},
  pages     = {55--92},
}

@inproceedings{PapiACPE08,
     author = {Papi, Matthew M. and Ali, Mahmood and Correa, Jr., Telmo Luis and Perkins, Jeff H. and Ernst, Michael D.},
      title = {Practical pluggable types for {Java}},
  booktitle = ISSTA,
       year = {2008},
      pages = {201--212},
  publisher = {ACM},
}

@article{FisherS08,
     author = {Fisher, David and Shivers, Olin},
      title = {Building language towers with ziggurat},
    journal = JFP,
     volume = {18},
     number = {5-6},
       year = {2008},
      pages = {707--780},
}

@article{SewellNOPRSS10,
     author = {Sewell, Peter and Nardelli, Francesco Zappa and Owens, Scott and Peskine, Gilles and Ridge, Thomas and Sarkar, Susmit and Strni{\v s}a, Rok},
      title = {Ott: Effective tool support for the working semanticist},
    journal = JFP,
     volume = {20},
     number = {1},
       year = {2010},
      pages = {71--122},
}

@inproceedings{DijkstraS06,
     author = {Dijkstra, Atze and Swierstra, S. Doaitse},
      title = {Ruler: Programming Type Rules},
  booktitle = {Functional and Logic Programming},
     series = {LNCS},
     volume = {3945},
       year = {2006},
      pages = {30--46},
  publisher = {Springer},
}

@phdthesis{Gast04,
    author = {Gast, Holger},
     title = {A generator for type checkers},
      year = {2004},
    school = {University of T{\"{u}}bingen},
}

@inproceedings{RobersonHDB08,
     author = {Roberson, Michael and Harries, Melanie and Darga, Paul T. and Boyapati, Chandrasekhar},
      title = {Efficient software model checking of soundness of type systems},
  booktitle = OOPSLA,
       year = {2008},
      pages = {493--504},
  publisher = {ACM},
}

@inproceedings{DelawareCB11,
  author    = {Benjamin Delaware and
               William R. Cook and
               Don S. Batory},
  title     = {Product lines of theorems},
  booktitle = OOPSLA,
  year      = {2011},
  pages     = {595--608},
  publisher = {ACM},
}

@article{GruberHMRW05,
  author    = {Olivier Gruber and
               B. J. Hargrave and
               Jeff McAffer and
               Pascal Rapicault and
               Thomas Watson},
  title     = {The {Eclipse} 3.0 platform: Adopting {OSGi} technology},
  journal   = {IBM Systems Journal},
  volume    = {44},
  number    = {2},
  year      = {2005},
  pages     = {289--300},
}

@misc{OSGi,
  title={OSGi Core Release 5},
  author={{OSGi Alliance}},
  year={2012}
}

@inproceedings{LorenzenE13,
  author =       {Florian Lorenzen and Sebastian Erdweg},
  title =        {Modular and Automated Type-Soundness Verification for Language Extensions},
  booktitle = ICFP,
  year =      {2013},
  pages = {331--342},
  publisher = {ACM},
}

@article{BrandV96,
 author = {van den Brand, Mark and Visser, Eelco},
 title = {Generation of formatters for context-free languages},
 journal = TOSEM,
 volume = {5},
 number = {1},
 year = {1996},
 pages = {1--41},
}

@inproceedings{Jonge00,
  author={de Jonge, Merijn},
  title={A Pretty-Printer for Every Occasion},
  booktitle={Proceedings of Symposium on Constructing Software Engineering Tools (CoSET)},
  year={2000},
  pages= {68--77},
}

@inproceedings{Burmako13,
  author={Burmako, Eugene},
  title={Scala Macros: Let Our Powers Combine!},
  booktitle=Scala,
  year={2013},
  pages = {3:1--3:10},
  publisher = {ACM},
}

@inproceedings{EfftingeEKZHMH12,
 author = {Efftinge, Sven and Eysholdt, Moritz and K\"{o}hnlein, Jan and Zarnekow, Sebastian and von Massow, Robert and Hasselbring, Wilhelm and Hanus, Michael},
 title = {Xbase: implementing domain-specific languages for Java},
 booktitle = GPCE,
 year = {2012},
 pages = {112--121},
 publisher = {ACM},
} 

@inproceedings{ErdwegSV13,
  author = {Sebastian Erdweg and Tijs van der Storm and Markus V\"{o}lter and Meinte Boersma and Remi Bosman and William R. Cook and Albert Gerritsen and Angelo Hulshout and Steven Kelly and Alex Loh and Gabri\"{e}l Konat and Pedro J. Molina and Martin Palatnik and Risto Pohjonen and Eugen Schindler and Klemens Schindler and Riccardo Solmi and Vlad Vergu and Eelco Visser and Kevin van der Vlist and Guido Wachsmuth and Jimi van der Woning},
  title = {The State of the Art in Language Workbenches},
  booktitle = SLE,
  year = {2013},
  series = {LNCS},
  volume = {8225},
  publisher = {Springer},
  pages = {197--217}
}

@inproceedings{FehrenbachEK13,
  author = {Stefan Fehrenbach and Sebastian Erdweg and Klaus Ostermann},
  title = {Software Evolution to Domain-Specific Languages},
  booktitle = SLE,
  year = {2013},
  series = {LNCS},
  volume = {8225},
  publisher = {Springer},
  pages = {96--116}
}

@inproceedings{MartinME13,
  author = {Marko Martin and Mira Mezini and Sebastian Erdweg},
  title = {Template Constructors for Reusable Object Initialization},
  booktitle = GPCE,
  year = {2013},
  publisher = {ACM},
  pages = {43--52},
}

@inproceedings{ErdwegR13,
  author = {Sebastian Erdweg and Felix Rieger},
  title = {A Framework for Extensible Languages},
  booktitle = GPCE,
  year = {2013},
  publisher = {ACM},
  pages = {3--12},
}

@article{Lehman80,
  title={Programs, life cycles, and laws of software evolution},
  author={Lehman, Meir M},
  journal={Proceedings of the IEEE},
  volume={68},
  number={9},
  pages={1060--1076},
  year={1980},
}

@article{NosekP90,
  title={Software maintenance management: changes in the last decade},
  author={Nosek, John T and Palvia, Prashant},
  journal={Software Maintenance: Research and Practice},
  volume={2},
  number={3},
  pages={157--174},
  year={1990},
}

@book{LientzS80,
  title={Software maintenance management},
  author={Lientz, Bennet P and Swanson, E Burton},
  year={1980},
  publisher={Addison-Wesley}
}

@misc{ISOMaintenance,
   author = {{ISO 14764}},
   title = {{Software Engineering -- Software Life Cycle Processes -- Maintenance}},
   year = {2006},
}

@inproceedings{YipL94,
  title={A software maintenance survey},
  author={Yip, Stephen WL and Lam, Tom},
  booktitle={Asia-Pacific Software Engineering Conference},
  pages={70--79},
  year={1994},
  publisher={IEEE}
}

@article{PrecheltUPT02,
  title={Two controlled experiments assessing the usefulness of design pattern documentation in program maintenance},
  author={Prechelt, Lutz and Unger-Lamprecht, Barbara and Philippsen, Michael and Tichy, Walter F},
  journal=TSE,
  volume={28},
  number={6},
  pages={595--606},
  year={2002},
}

@article{PrecheltBTBV01,
  title={A controlled experiment in maintenance: comparing design patterns to simpler solutions},
  author={Prechelt, Lutz and Unger, Barbara and Tichy, Walter F. and Brossler, Peter and Votta, Lawrence G.},
  journal=TSE,
  volume={27},
  number={12},
  pages={1134--1144},
  year={2001},
}

@book{GammaHJV93,
  title={Design patterns: Abstraction and reuse of object-oriented design},
  author={Gamma, Erich and Helm, Richard and Johnson, Ralph and Vlissides, John},
  year={1993},
  publisher={Springer}
}

@techreport{Agha85,
    author = {Agha, Gul A.},
    institution = {MIT Artificial Intelligence Laboratory},
    number = {AITR-844},
    title = {{ACTORS}: A Model of Concurrent Computation in Distributed Systems},
    year = {1985}
}

@inproceedings{BrachaC90,
 author = {Bracha, Gilad and Cook, William},
 title = {Mixin-based inheritance},
 booktitle = {Proceedings of European Conference on Object-Oriented Programming (ECOOP) and Conference on Object-Oriented Programming, Systems, Languages, and Applications (OOPSLA)},
 pages = {303--311},
 publisher = {ACM},
 year = {1990},
} 

@inproceedings{Cook09,
 author = {Cook, William R.},
 title = {On understanding data abstraction, revisited},
 booktitle = OOPSLA,
 year = {2009},
 pages = {557--572},
 publisher = {ACM},
} 


@article{Agha93,
  title={Abstraction and modularity mechanisms for concurrent computing},
  author={Agha, Gul and Frolund, Svend and Kim, WooYoung and Panwar, Rajendra and Patterson, Anna and Sturman, Daniel},
  journal={Parallel \& Distributed Technology: Systems \& Applications},
  volume={1},
  number={2},
  pages={3--14},
  year={1993},
}

@inbook{CardoneL04,
  author = {Richard Cardone and Calvin Lin},
  chapter = {Using Mixin Technology to Improve Modularity},
  pages = {219--242},
  title={Aspect-oriented software development},
  year={2004},
  publisher={Addison-Wesley Professional}
}

@inproceedings{BennettR00,
 author = {Bennett, Keith H. and Rajlich, V\'{a}clav T.},
 title = {Software maintenance and evolution: A roadmap},
 booktitle = FOSE,
 year = {2000},
 pages = {73--87},
 publisher = {ACM},
}

@article{BatoryJMH2002,
 author = {Batory, Don and Johnson, Clay and MacDonald, Bob and von Heeder, Dale},
 title = {Achieving extensibility through product-lines and domain-specific languages: A case study},
 journal = {TOSEM},
 volume = {11},
 number = {2},
 year = {2002},
 pages = {191--214},
}

@ARTICLE{Sneed1995,
 author={Sneed, H.M.},
 journal={IEEE Software}, 
 title={Planning the reengineering of legacy systems},
 year=1995,
 volume=12,
 number=1,
 pages={24--34},
}

@ARTICLE{Flyvbjerg06,
    author = {Bent Flyvbjerg},
    title = {Five misunderstandings about case-study research},
    journal = {Qualitative Inquiry},
    year = {2006},
    pages = {219--245}
}

@article{VisserB98,
  title={A core language for rewriting},
  author={Visser, Eelco and Benaissa, Zine-el-Abidine},
  journal={Electronic Notes in Theoretical Computer Science},
  volume={15},
  pages={422--441},
  year={1998},
}


@article{GilL2010,
 author = {Gil, Joseph and Lenz, Keren},
 title = {Simple and safe {SQL} queries with {C++} templates},
 journal = {Science of Computer Programming},
 volume = {75},
 number = {7},
 year = {2010},
 pages = {573--595},
}

@inproceedings{MensFD2008,
  author = {Mens, Tom and Fernández-Ramil, Juan and Degrandsart, Sylvain},
  booktitle = ICSM,
  pages = {386--395},
  title = {The evolution of {Eclipse}},
  year = 2008,
  publisher = {IEEE},
}

@inproceedings{GermanD11,
  author    = {Daniel M. Germ{\'a}n and
               Julius Davies},
  title     = {Apples vs. oranges?: An exploration of the challenges of
               comparing the source code of two software systems},
  booktitle = {MSR},
  year      = 2011,
  pages     = {246--249},
  publisher = {IEEE},
}

@ARTICLE{BianchiCMV2003,
 author={Bianchi, A. and Caivano, D. and Marengo, V. and Visaggio, G.},
 journal=TSE,
 title={Iterative reengineering of legacy systems},
 year={2003},
 volume={29},
 number={3},
 pages={225--241},
}

@inproceedings{Bennett2000,
 author = {Bennett, Keith H. and Rajlich, V\'{a}clav T.},
 title = {Software maintenance and evolution: A roadmap},
 booktitle = {FOSE},
 year = {2000},
 pages = {73--87},
 publisher = {ACM},
}


@article{FosterGMPS07,
 author = {Foster, J. Nathan and Greenwald, Michael B. and Moore, Jonathan T. and Pierce, Benjamin C. and Schmitt, Alan},
 title = {Combinators for Bidirectional Tree Transformations: A Linguistic Approach to the View-update Problem},
 journal = TOPLAS,
 volume = {29},
 number = {3},
 year = {2007},
 publisher = {ACM},
 pages={17:1-17:93},
} 

@inproceedings{EichbergKKM08,
 author = {Eichberg, Michael and Kloppenburg, Sven and Klose, Karl and Mezini, Mira},
 title = {Defining and continuous checking of structural program dependencies},
 booktitle = ICSE,
 year = {2008},
 pages = {391--400},
 publisher = {ACM},
} 

@article{PierceT00,
 author = {Pierce, Benjamin C. and Turner, David N.},
 title = {Local Type Inference},
 journal = TOPLAS,
 volume = {22},
 number = {1},
 year = {2000},
 pages = {1--44},
} 


@article{Pottier01,
 author    = {Fran{\c{c}}ois Pottier},
 title     = {Simplifying Subtyping Constraints: {A} Theory},
 journal   = {Information and Computation},
 volume    = {170},
 number    = {2},
 pages     = {153--183},
 year      = {2001},
}

@inproceedings{Wells02,
  author    = {J. B. Wells},
  title     = {The Essence of Principal Typings},
  booktitle = ICALP,
  pages     = {913--925},
  year      = {2002},
  publisher = {Springer},
  series    = {LNCS},
  volume    = {2380},
}

@inproceedings{Jim96,
  author    = {Trevor Jim},
  title     = {What Are Principal Typings and What Are They Good For?},
  booktitle = POPL,
  pages     = {42--53},
  year      = {1996},
  publisher = {ACM},
}

@inproceedings{AnconaDDZ05,
  author    = {Davide Ancona and
               Ferruccio Damiani and
               Sophia Drossopoulou and
               Elena Zucca},
  title     = {Polymorphic bytecode: Compositional compilation for Java-like languages},
  booktitle = POPL,
  pages     = {26--37},
  year      = {2005},
  publisher = {ACM},
}


@inproceedings{Chitil01,
  author    = {Olaf Chitil},
  title     = {Compositional Explanation of Types and Algorithmic Debugging of Type
               Errors},
  booktitle = ICFP,
  pages     = {193--204},
  year      = {2001},
  publisher = {ACM},
}

@inproceedings{AdityaN91,
  author    = {Shail Aditya and
               Rishiyur S. Nikhil},
  title     = {Incremental Polymorphism},
  booktitle = FPCA,
  pages     = {379--405},
  year      = {1991},
  publisher = {ACM},
}

@inproceedings{Meertens83,
  author    = {Lambert G. L. T. Meertens},
  title     = {Incremental Polymorphic Type Checking in {B}},
  booktitle = POPL,
  pages     = {265--275},
  year      = {1983},
  publisher = {ACM},
}

@inproceedings{WachsmuthKVGV13,
  author    = {Guido Wachsmuth and
               Gabri{\"{e}}l D. P. Konat and
               Vlad A. Vergu and
               Danny M. Groenewegen and
               Eelco Visser},
  title     = {A Language Independent Task Engine for Incremental Name and Type Analysis},
  booktitle = SLE,
  pages     = {260--280},
  year      = {2013},
  pubsisher = {Springer},
  series    = {LNCS},
  volume    = {8225},
}

@inproceedings{MiaoS10,
  author    = {Weiyu Miao and
               Jeremy G. Siek},
  title     = {Incremental type-checking for type-reflective metaprograms},
  booktitle = GPCE,
  pages     = {167--176},
  year      = {2010},
  publisher = {ACM},
}

@inproceedings{JohnsonW86,
  author    = {Gregory F. Johnson and
               Janet A. Walz},
  title     = {A Maximum-Flow Approach to Anomaly Isolation in Unification-Based
               Incremental Type Inference},
  booktitle = POPL,
  pages     = {44--57},
  year      = {1986},
  publisher = {ACM},
}

@inproceedings{MitschkeEKMS14,
  author    = {Ralf Mitschke and
               Sebastian Erdweg and
               Mirko K{\"{o}}hler and
               Mira Mezini and
               Guido Salvaneschi},
  title     = {{i3QL}: Language-integrated live data views},
  booktitle = OOPSLA,
  pages     = {417--432},
  year      = {2014},
  publisher = {ACM},
}

@article{AcarBBHT09,
  author    = {Umut A. Acar and
               Guy E. Blelloch and
               Matthias Blume and
               Robert Harper and
               Kanat Tangwongsan},
  title     = {An experimental analysis of self-adjusting computation},
  journal   = TOPLAS,
  volume    = {32},
  number    = {1},
  year      = {2009},
}

@inproceedings{DemersRT81,
  author    = {Alan J. Demers and
               Thomas W. Reps and
               Tim Teitelbaum},
  title     = {Incremental Evaluation for Attribute Grammars with Application to
               Syntax-Directed Editors},
  booktitle = POPL,
  pages     = {105--116},
  year      = {1981},
  publisher = {ACM},
}


@article{ChamberlandLR98,
  author    = {Luc A. Chamberland and
               Sharon F. Lymer and
               Arthur G. Ryman},
  title     = {{IBM} {VisualAge} for {Java}},
  journal   = {{IBM} Systems Journal},
  volume    = {37},
  number    = {3},
  pages     = {386--408},
  year      = {1998},
  url       = {http://dx.doi.org/10.1147/sj.373.0386},
  doi       = {10.1147/sj.373.0386},
  timestamp = {Wed, 19 Sep 2012 12:50:37 +0200},
  biburl    = {http://dblp.uni-trier.de/rec/bib/journals/ibmsj/ChamberlandLR98},
  bibsource = {dblp computer science bibliography, http://dblp.org}
}

@article{Milner78,
  author    = {Robin Milner},
  title     = {A Theory of Type Polymorphism in Programming},
  journal   = JCSS,
  volume    = {17},
  number    = {3},
  pages     = {348--375},
  year      = {1978},
}