@String{OOPSLA = {Proceedings of Conference on Object-Oriented Programming, Systems, Languages, and Applications (OOPSLA)}}


@misc{misc1,
  author    = {Author1},
  title     = {Misc1},
  howpublished = {Available at some url},
  year = {2100},
}

@inproceedings{inproceedings1,
  author    = {Author2},
  title     = {Inpreceedings1},
  booktitle = OOPSLA,
  year      = {1540},
  pages     = {444--463},
  publisher = {ACM},
}

@article{article1,
  author    = {Author3 and Author4},
  title     = {An Article 1},
  journal   = {SIGPLAN Notices},
  volume    = {24},
  number    = {11},
  year      = {1989},
  pages     = {43--75},
  publisher = {ACM},
}
